%YAML 1.1
%TAG !u! tag:unity3d.com,2011:
--- !u!29 &1
OcclusionCullingSettings:
  m_ObjectHideFlags: 0
  serializedVersion: 2
  m_OcclusionBakeSettings:
    smallestOccluder: 5
    smallestHole: 0.25
    backfaceThreshold: 100
  m_SceneGUID: 00000000000000000000000000000000
  m_OcclusionCullingData: {fileID: 0}
--- !u!104 &2
RenderSettings:
  m_ObjectHideFlags: 0
  serializedVersion: 8
  m_Fog: 1
  m_FogColor: {r: 0.1254902, g: 0, b: 0, a: 1}
  m_FogMode: 2
  m_FogDensity: 0.005
  m_LinearFogStart: 0
  m_LinearFogEnd: 300
  m_AmbientSkyColor: {r: 0.212, g: 0.227, b: 0.259, a: 1}
  m_AmbientEquatorColor: {r: 0.114, g: 0.125, b: 0.133, a: 1}
  m_AmbientGroundColor: {r: 0.047, g: 0.043, b: 0.035, a: 1}
  m_AmbientIntensity: 1
  m_AmbientMode: 0
  m_SubtractiveShadowColor: {r: 0.42, g: 0.478, b: 0.627, a: 1}
  m_SkyboxMaterial: {fileID: 10304, guid: 0000000000000000f000000000000000, type: 0}
  m_HaloStrength: 0.5
  m_FlareStrength: 1
  m_FlareFadeSpeed: 3
  m_HaloTexture: {fileID: 0}
  m_SpotCookie: {fileID: 10001, guid: 0000000000000000e000000000000000, type: 0}
  m_DefaultReflectionMode: 0
  m_DefaultReflectionResolution: 128
  m_ReflectionBounces: 1
  m_ReflectionIntensity: 1
  m_CustomReflection: {fileID: 0}
  m_Sun: {fileID: 0}
  m_IndirectSpecularColor: {r: 0.4430028, g: 0.49219507, b: 0.571925, a: 1}
--- !u!157 &3
LightmapSettings:
  m_ObjectHideFlags: 0
  serializedVersion: 11
  m_GIWorkflowMode: 0
  m_GISettings:
    serializedVersion: 2
    m_BounceScale: 1
    m_IndirectOutputScale: 1
    m_AlbedoBoost: 1
    m_TemporalCoherenceThreshold: 1
    m_EnvironmentLightingMode: 0
    m_EnableBakedLightmaps: 1
    m_EnableRealtimeLightmaps: 1
  m_LightmapEditorSettings:
    serializedVersion: 9
    m_Resolution: 2
    m_BakeResolution: 40
    m_TextureWidth: 1024
    m_TextureHeight: 1024
    m_AO: 0
    m_AOMaxDistance: 1
    m_CompAOExponent: 1
    m_CompAOExponentDirect: 0
    m_Padding: 2
    m_LightmapParameters: {fileID: 0}
    m_LightmapsBakeMode: 1
    m_TextureCompression: 1
    m_FinalGather: 0
    m_FinalGatherFiltering: 1
    m_FinalGatherRayCount: 256
    m_ReflectionCompression: 2
    m_MixedBakeMode: 2
    m_BakeBackend: 0
    m_PVRSampling: 1
    m_PVRDirectSampleCount: 32
    m_PVRSampleCount: 500
    m_PVRBounces: 2
    m_PVRFilterTypeDirect: 0
    m_PVRFilterTypeIndirect: 0
    m_PVRFilterTypeAO: 0
    m_PVRFilteringMode: 1
    m_PVRCulling: 1
    m_PVRFilteringGaussRadiusDirect: 1
    m_PVRFilteringGaussRadiusIndirect: 5
    m_PVRFilteringGaussRadiusAO: 2
    m_PVRFilteringAtrousPositionSigmaDirect: 0.5
    m_PVRFilteringAtrousPositionSigmaIndirect: 2
    m_PVRFilteringAtrousPositionSigmaAO: 1
  m_LightingDataAsset: {fileID: 0}
  m_UseShadowmask: 1
--- !u!196 &4
NavMeshSettings:
  serializedVersion: 2
  m_ObjectHideFlags: 0
  m_BuildSettings:
    serializedVersion: 2
    agentTypeID: 0
    agentRadius: 0.5
    agentHeight: 2
    agentSlope: 45
    agentClimb: 0.4
    ledgeDropHeight: 0
    maxJumpAcrossDistance: 0
    minRegionArea: 2
    manualCellSize: 0
    cellSize: 0.16666667
    manualTileSize: 0
    tileSize: 256
    accuratePlacement: 0
    debug:
      m_Flags: 0
  m_NavMeshData: {fileID: 0}
--- !u!43 &64117060
Mesh:
  m_ObjectHideFlags: 0
  m_PrefabParentObject: {fileID: 0}
  m_PrefabInternal: {fileID: 0}
  m_Name: 
  serializedVersion: 8
  m_SubMeshes:
  - serializedVersion: 2
    firstByte: 0
    indexCount: 180
    topology: 0
    firstVertex: 0
    vertexCount: 40
    localAABB:
      m_Center: {x: 0, y: 0, z: 0}
      m_Extent: {x: 1.5, y: 0.5, z: 1.5}
  m_Shapes:
    vertices: []
    shapes: []
    channels: []
    fullWeights: []
  m_BindPose: []
  m_BoneNameHashes: 
  m_RootBoneNameHash: 0
  m_MeshCompression: 0
  m_IsReadable: 1
  m_KeepVertices: 1
  m_KeepIndices: 1
  m_IndexBuffer: 00000300010000000200030000000100050000000500040000000600020000000400060007000600040007000400050007000200060007000300020007000500010007000100030008000b00090008000a000b00080009000d0008000d000c0008000e000a0008000c000e000f000e000c000f000c000d000f000a000e000f000b000a000f000d0009000f0009000b0010001300110010001200130010001100150010001500140010001600120010001400160017001600140017001400150017001200160017001300120017001500110017001100130018001b00190018001a001b00180019001d0018001d001c0018001e001a0018001c001e001f001e001c001f001c001d001f001a001e001f001b001a001f001d0019001f0019001b00200023002100200022002300200021002500200025002400200026002200200024002600270026002400270024002500270022002600270023002200270025002100270021002300
  m_Skin: []
  m_VertexData:
    m_CurrentChannels: 9
    m_VertexCount: 40
    m_Channels:
    - stream: 0
      offset: 0
      format: 0
      dimension: 3
    - stream: 0
      offset: 0
      format: 0
      dimension: 0
    - stream: 0
      offset: 0
      format: 0
      dimension: 0
    - stream: 0
      offset: 12
      format: 0
      dimension: 2
    - stream: 0
      offset: 0
      format: 0
      dimension: 0
    - stream: 0
      offset: 0
      format: 0
      dimension: 0
    - stream: 0
      offset: 0
      format: 0
      dimension: 0
    - stream: 0
      offset: 0
      format: 0
      dimension: 0
    m_DataSize: 800
    _typelessdata: 000000bf000000bf000000bf00000000000000000000003f000000bf000000bf0000803f00000000000000bf0000003f000000bf000000000000803f0000003f0000003f000000bf0000803f0000803f000000bf000000bf0000003f00000000000000000000003f000000bf0000003f0000803f00000000000000bf0000003f0000003f000000000000803f0000003f0000003f0000003f0000803f0000803f000000bf000000bf0000c0bf00000000000000000000003f000000bf0000c0bf0000803f00000000000000bf0000003f0000c0bf000000000000803f0000003f0000003f0000c0bf0000803f0000803f000000bf000000bf000000bf00000000000000000000003f000000bf000000bf0000803f00000000000000bf0000003f000000bf000000000000803f0000003f0000003f000000bf0000803f0000803f0000003f000000bf010000bf00000000000000000100003f000000bf0000c0bf0000803f000000000000003f0000003f010000bf000000000000803f0100003f0000003f0000c0bf0000803f0000803f0000c03fcdccccbd000000bf00000000000000000000c03fcdccccbd0000c0bf0000803f000000000000c03fcdcccc3d000000bf000000000000803f0000c03fcdcccc3d0000c0bf0000803f0000803f010000bf000000bf0000c0bf0000000000000000000000bf000000bf010000bf0000803f00000000010000bf0000003f0000c0bf000000000000803f000000bf0000003f010000bf0000803f0000803f0000c0bfcdccccbd0000c0bf00000000000000000000c0bfcdccccbd000000bf0000803f000000000000c0bfcdcccc3d0000c0bf000000000000803f0000c0bfcdcccc3d000000bf0000803f0000803f000000bf000000bf0000003f00000000000000000000003f000000bf0000003f0000803f00000000000000bf0000003f0000003f000000000000803f0000003f0000003f0000003f0000803f0000803fcdccccbdcdccccbd0000c03f0000000000000000cdcccc3dcdccccbd0000c03f0000803f00000000cdccccbdcdcccc3d0000c03f000000000000803fcdcccc3dcdcccc3d0000c03f0000803f0000803f
  m_CompressedMesh:
    m_Vertices:
      m_NumItems: 0
      m_Range: 0
      m_Start: 0
      m_Data: 
      m_BitSize: 0
    m_UV:
      m_NumItems: 0
      m_Range: 0
      m_Start: 0
      m_Data: 
      m_BitSize: 0
    m_Normals:
      m_NumItems: 0
      m_Range: 0
      m_Start: 0
      m_Data: 
      m_BitSize: 0
    m_Tangents:
      m_NumItems: 0
      m_Range: 0
      m_Start: 0
      m_Data: 
      m_BitSize: 0
    m_Weights:
      m_NumItems: 0
      m_Data: 
      m_BitSize: 0
    m_NormalSigns:
      m_NumItems: 0
      m_Data: 
      m_BitSize: 0
    m_TangentSigns:
      m_NumItems: 0
      m_Data: 
      m_BitSize: 0
    m_FloatColors:
      m_NumItems: 0
      m_Range: 0
      m_Start: 0
      m_Data: 
      m_BitSize: 0
    m_BoneIndices:
      m_NumItems: 0
      m_Data: 
      m_BitSize: 0
    m_Triangles:
      m_NumItems: 0
      m_Data: 
      m_BitSize: 0
    m_UVInfo: 0
  m_LocalAABB:
    m_Center: {x: 0, y: 0, z: 0}
    m_Extent: {x: 1.5, y: 0.5, z: 1.5}
  m_MeshUsageFlags: 0
  m_BakedConvexCollisionMesh: 
  m_BakedTriangleCollisionMesh: 
  m_MeshOptimized: 0
--- !u!1 &484012131
GameObject:
  m_ObjectHideFlags: 0
  m_PrefabParentObject: {fileID: 0}
  m_PrefabInternal: {fileID: 0}
  serializedVersion: 5
  m_Component:
  - component: {fileID: 484012133}
  - component: {fileID: 484012132}
  - component: {fileID: 484012134}
  - component: {fileID: 484012136}
  - component: {fileID: 484012135}
  m_Layer: 0
  m_Name: GameObject
  m_TagString: Rail
  m_Icon: {fileID: 0}
  m_NavMeshLayer: 0
  m_StaticEditorFlags: 0
  m_IsActive: 1
--- !u!114 &484012132
MonoBehaviour:
  m_ObjectHideFlags: 0
  m_PrefabParentObject: {fileID: 0}
  m_PrefabInternal: {fileID: 0}
  m_GameObject: {fileID: 484012131}
  m_Enabled: 1
  m_EditorHideFlags: 0
  m_Script: {fileID: 11500000, guid: 600842cb3f9af344cbab81b49be5d8c7, type: 3}
  m_Name: 
  m_EditorClassIdentifier: 
  fireSound: {fileID: 8300000, guid: f50e08b09d57c42dbb8cde6f8dc1b742, type: 3}
  inverted: 1
  bulletPrefab: {fileID: 1146394956590804, guid: ebfa92be232194445af0e1ee6acb8a61,
    type: 2}
  shipModel: {fileID: 824973690}
  shipPositioner: {fileID: 1150725260}
  maxTurnRotationNormal: {x: 35, y: 35, z: -25}
  maxMoveSpeed: {x: 7, y: 7, z: 0}
  maxTurnSpeed: {x: 0, y: 0, z: 0}
  dampening: 0.02
  bulletSpeed: 300
  blinkTimer: 0
--- !u!4 &484012133
Transform:
  m_ObjectHideFlags: 0
  m_PrefabParentObject: {fileID: 0}
  m_PrefabInternal: {fileID: 0}
  m_GameObject: {fileID: 484012131}
  m_LocalRotation: {x: 0, y: 0, z: 0, w: 1}
  m_LocalPosition: {x: 0, y: 0, z: 0}
  m_LocalScale: {x: 1, y: 1, z: 1}
  m_Children:
  - {fileID: 1715644435}
  - {fileID: 1288891038}
  - {fileID: 1150725260}
  m_Father: {fileID: 0}
  m_RootOrder: 0
  m_LocalEulerAnglesHint: {x: 0, y: 0, z: 0}
--- !u!114 &484012134
MonoBehaviour:
  m_ObjectHideFlags: 0
  m_PrefabParentObject: {fileID: 0}
  m_PrefabInternal: {fileID: 0}
  m_GameObject: {fileID: 484012131}
  m_Enabled: 1
  m_EditorHideFlags: 0
  m_Script: {fileID: 11500000, guid: 7bf33b55a7f1c4ce38e5a59c4e23f380, type: 3}
  m_Name: 
  m_EditorClassIdentifier: 
  pointTextPrefab: {fileID: 114395166937270334, guid: ae761b361e48e4a18875f5c7104b0771,
    type: 2}
  levelCompleteSound: {fileID: 8300000, guid: 8a2bd700312904750a93c22dd6da6bf2, type: 3}
  bgCamera: {fileID: 1288891041}
  fogColor: {r: 0, g: 0, b: 0, a: 1}
  portalColor: {r: 1, g: 1, b: 1, a: 1}
  titleMusic: {fileID: 8300000, guid: 261c5aab9cf3c4d309a6ac4f37ee216b, type: 3}
  levelMusic:
  - {fileID: 8300000, guid: 6f59505fa7b8e430bbf47ae0fcbc4f66, type: 3}
  - {fileID: 8300000, guid: 1b25e872712f74734aead129a35a38bc, type: 3}
  - {fileID: 8300000, guid: 3f02510b0cf5a4463b59781e2a45116a, type: 3}
  - {fileID: 8300000, guid: fa8f836ab1bb04ec895eabfa910607f8, type: 3}
  levels:
  - material: {fileID: 2100000, guid: 3a8913e085df1467caeb21a6f8e24de0, type: 2}
    killsPerDrop: 10
    levelLength: 300
    spawnDensity: 6
    spawners:
    - minRange: 0
      maxRange: 300
      prefab: {fileID: 1445576190616020, guid: 907f9b5e4af5f40dfaa80c636e1c527d, type: 2}
      weight: 0.3
    - minRange: 150
      maxRange: 300
      prefab: {fileID: 1308499553783700, guid: 8b7749a52fcff4efc88bad0a294fe348, type: 2}
      weight: 0.1
  - material: {fileID: 2100000, guid: a7689c44b60fe41c69bf565fc13a88fe, type: 2}
    killsPerDrop: 10
    levelLength: 500
    spawnDensity: 5
    spawners:
    - minRange: 0
      maxRange: 250
      prefab: {fileID: 1445576190616020, guid: 907f9b5e4af5f40dfaa80c636e1c527d, type: 2}
      weight: 0.2
    - minRange: 0
      maxRange: 500
      prefab: {fileID: 1308499553783700, guid: 8b7749a52fcff4efc88bad0a294fe348, type: 2}
      weight: 0.2
    - minRange: 220
      maxRange: 500
      prefab: {fileID: 1445576190616020, guid: 0652edc240a744a739dfaaccde1b1fac, type: 2}
      weight: 0.2
    - minRange: 200
      maxRange: 220
      prefab: {fileID: 1445576190616020, guid: 0652edc240a744a739dfaaccde1b1fac, type: 2}
      weight: 1
    - minRange: 450
      maxRange: 500
      prefab: {fileID: 1654125938022526, guid: c0a18675bf51141dd944fe27517bbe7d, type: 2}
      weight: 10
  - material: {fileID: 2100000, guid: 3a8913e085df1467caeb21a6f8e24de0, type: 2}
    killsPerDrop: 10
    levelLength: 1200
    spawnDensity: 4
    spawners:
    - minRange: 0
      maxRange: 900
      prefab: {fileID: 1308499553783700, guid: 8b7749a52fcff4efc88bad0a294fe348, type: 2}
      weight: 0.2
    - minRange: 0
      maxRange: 900
      prefab: {fileID: 1445576190616020, guid: 0652edc240a744a739dfaaccde1b1fac, type: 2}
      weight: 0.1
    - minRange: 0
      maxRange: 600
      prefab: {fileID: 1654125938022526, guid: c0a18675bf51141dd944fe27517bbe7d, type: 2}
      weight: 0.2
    - minRange: 600
      maxRange: 1200
      prefab: {fileID: 1654125938022526, guid: c0a18675bf51141dd944fe27517bbe7d, type: 2}
      weight: 0.5
    - minRange: 900
      maxRange: 1200
      prefab: {fileID: 1445576190616020, guid: 0652edc240a744a739dfaaccde1b1fac, type: 2}
      weight: 0.3
  - material: {fileID: 2100000, guid: a7689c44b60fe41c69bf565fc13a88fe, type: 2}
    killsPerDrop: 10
    levelLength: 1600
    spawnDensity: 2
    spawners:
    - minRange: 100
      maxRange: 900
      prefab: {fileID: 1308499553783700, guid: 8b7749a52fcff4efc88bad0a294fe348, type: 2}
      weight: 0.3
    - minRange: 100
      maxRange: 900
      prefab: {fileID: 1445576190616020, guid: 0652edc240a744a739dfaaccde1b1fac, type: 2}
      weight: 0.1
    - minRange: 100
      maxRange: 600
      prefab: {fileID: 1654125938022526, guid: c0a18675bf51141dd944fe27517bbe7d, type: 2}
      weight: 0.2
    - minRange: 600
      maxRange: 1050
      prefab: {fileID: 1654125938022526, guid: c0a18675bf51141dd944fe27517bbe7d, type: 2}
      weight: 0.5
    - minRange: 1050
      maxRange: 1200
      prefab: {fileID: 1445576190616020, guid: 0652edc240a744a739dfaaccde1b1fac, type: 2}
      weight: 1
    - minRange: 600
      maxRange: 1050
      prefab: {fileID: 1445576190616020, guid: 907f9b5e4af5f40dfaa80c636e1c527d, type: 2}
      weight: 0.1
  killsPerDrop: 10
  drops:
  - {fileID: 114473139472451310, guid: d8126819d18cd431a91d774a01df30b2, type: 2}
  spawners:
  - minRange: 0
    maxRange: 900
    prefab: {fileID: 1445576190616020, guid: 907f9b5e4af5f40dfaa80c636e1c527d, type: 2}
    weight: 0.1
  - minRange: 50
    maxRange: 1200
    prefab: {fileID: 1445576190616020, guid: 0652edc240a744a739dfaaccde1b1fac, type: 2}
    weight: 0.3
  - minRange: 100
    maxRange: 2000
    prefab: {fileID: 1308499553783700, guid: 8b7749a52fcff4efc88bad0a294fe348, type: 2}
    weight: 0.3
  - minRange: 800
    maxRange: 2000
    prefab: {fileID: 1308499553783700, guid: 8b7749a52fcff4efc88bad0a294fe348, type: 2}
    weight: 0.3
  - minRange: 500
    maxRange: 2000
    prefab: {fileID: 1654125938022526, guid: c0a18675bf51141dd944fe27517bbe7d, type: 2}
    weight: 0.3
  - minRange: 1000
    maxRange: 2000
    prefab: {fileID: 1654125938022526, guid: c0a18675bf51141dd944fe27517bbe7d, type: 2}
    weight: 0.3
  material: {fileID: 2100000, guid: 3a8913e085df1467caeb21a6f8e24de0, type: 2}
  tracker: {fileID: 484012133}
  speed: 4
  segmentSize: 20
  tunnelRadius: 80
  totalCount: 100
  drawDistance: 50
--- !u!114 &484012135
MonoBehaviour:
  m_ObjectHideFlags: 0
  m_PrefabParentObject: {fileID: 0}
  m_PrefabInternal: {fileID: 0}
  m_GameObject: {fileID: 484012131}
  m_Enabled: 1
  m_EditorHideFlags: 0
  m_Script: {fileID: 11500000, guid: 014d4494ad581400a8cb5a9791937145, type: 3}
  m_Name: 
  m_EditorClassIdentifier: 
  audioSource: []
  musicSource: {fileID: 0}
  titleImage: {fileID: 2800000, guid: 66ca502e9a9444a8f8c9696e53a560dc, type: 3}
--- !u!114 &484012136
MonoBehaviour:
  m_ObjectHideFlags: 0
  m_PrefabParentObject: {fileID: 0}
  m_PrefabInternal: {fileID: 0}
  m_GameObject: {fileID: 484012131}
  m_Enabled: 1
  m_EditorHideFlags: 0
  m_Script: {fileID: 11500000, guid: bce715be23392497bb0a7ae8fc4f5922, type: 3}
  m_Name: 
  m_EditorClassIdentifier: 
--- !u!1 &581085942
GameObject:
  m_ObjectHideFlags: 0
  m_PrefabParentObject: {fileID: 0}
  m_PrefabInternal: {fileID: 0}
  serializedVersion: 5
  m_Component:
  - component: {fileID: 581085946}
  - component: {fileID: 581085945}
  - component: {fileID: 581085944}
  - component: {fileID: 581085943}
  m_Layer: 0
  m_Name: Main Camera
  m_TagString: MainCamera
  m_Icon: {fileID: 0}
  m_NavMeshLayer: 0
  m_StaticEditorFlags: 0
  m_IsActive: 1
--- !u!81 &581085943
AudioListener:
  m_ObjectHideFlags: 0
  m_PrefabParentObject: {fileID: 0}
  m_PrefabInternal: {fileID: 0}
  m_GameObject: {fileID: 581085942}
  m_Enabled: 1
--- !u!124 &581085944
Behaviour:
  m_ObjectHideFlags: 0
  m_PrefabParentObject: {fileID: 0}
  m_PrefabInternal: {fileID: 0}
  m_GameObject: {fileID: 581085942}
  m_Enabled: 1
--- !u!20 &581085945
Camera:
  m_ObjectHideFlags: 0
  m_PrefabParentObject: {fileID: 0}
  m_PrefabInternal: {fileID: 0}
  m_GameObject: {fileID: 581085942}
  m_Enabled: 1
  serializedVersion: 2
  m_ClearFlags: 4
  m_BackGroundColor: {r: 0.1254902, g: 0, b: 0, a: 1}
  m_NormalizedViewPortRect:
    serializedVersion: 2
    x: 0
    y: 0
    width: 1
    height: 1
  near clip plane: 0.3
  far clip plane: 1000
  field of view: 60
  orthographic: 0
  orthographic size: 5
  m_Depth: 0
  m_CullingMask:
    serializedVersion: 2
    m_Bits: 4294965247
  m_RenderingPath: -1
  m_TargetTexture: {fileID: 0}
  m_TargetDisplay: 0
  m_TargetEye: 3
  m_HDR: 1
  m_AllowMSAA: 1
  m_ForceIntoRT: 0
  m_OcclusionCulling: 1
  m_StereoConvergence: 10
  m_StereoSeparation: 0.022
--- !u!4 &581085946
Transform:
  m_ObjectHideFlags: 0
  m_PrefabParentObject: {fileID: 0}
  m_PrefabInternal: {fileID: 0}
  m_GameObject: {fileID: 581085942}
  m_LocalRotation: {x: -0, y: -0, z: -0, w: 1}
  m_LocalPosition: {x: 0, y: 0, z: 0}
  m_LocalScale: {x: 1, y: 1, z: 1}
  m_Children: []
  m_Father: {fileID: 1288891038}
  m_RootOrder: 0
  m_LocalEulerAnglesHint: {x: 0, y: 0, z: 0}
--- !u!1 &824973685
GameObject:
  m_ObjectHideFlags: 0
  m_PrefabParentObject: {fileID: 0}
  m_PrefabInternal: {fileID: 0}
  serializedVersion: 5
  m_Component:
  - component: {fileID: 824973690}
  - component: {fileID: 824973689}
  - component: {fileID: 824973688}
  - component: {fileID: 824973687}
  - component: {fileID: 824973686}
  - component: {fileID: 824973691}
  m_Layer: 10
  m_Name: Ship
  m_TagString: Player
  m_Icon: {fileID: 0}
  m_NavMeshLayer: 0
  m_StaticEditorFlags: 0
  m_IsActive: 1
--- !u!114 &824973686
MonoBehaviour:
  m_ObjectHideFlags: 0
  m_PrefabParentObject: {fileID: 0}
  m_PrefabInternal: {fileID: 0}
  m_GameObject: {fileID: 824973685}
  m_Enabled: 1
  m_EditorHideFlags: 0
  m_Script: {fileID: 11500000, guid: 113be723831774e2a95c32d1df259ff9, type: 3}
  m_Name: 
  m_EditorClassIdentifier: 
  pointValue: 0
  ship:
    blocks:
    - position: {x: 0, y: 0, z: 0}
      facing: 0
      genericType: 1
    - position: {x: 0, y: 0, z: -1}
      facing: 0
      genericType: 1
    - position: {x: 1, y: 0, z: -1}
      facing: 3
      genericType: 2
    - position: {x: -1, y: 0, z: -1}
      facing: 2
      genericType: 2
    - position: {x: 0, y: 0, z: 1}
      facing: 0
      genericType: 4
    material: {fileID: 2100000, guid: 3a8913e085df1467caeb21a6f8e24de0, type: 2}
  explosion: {fileID: 1048627354733820, guid: e6b91ef4435ac4ac8a1efd780803a8e0, type: 2}
  damage: {fileID: 1247377695713796, guid: 4dd21932d71ef41d7a8cd4cc95611905, type: 2}
  isPlayer: 1
  despawnTimer: -1
  currentHP: 5
  maxHP: 5
  damageHP: 1
  damageSound: {fileID: 8300000, guid: c5d8d38ca840b4317ad736343669d9ef, type: 3}
  destroySound: {fileID: 8300000, guid: 2c5a368bfe47e438691d8b7efce42a73, type: 3}
--- !u!23 &824973687
MeshRenderer:
  m_ObjectHideFlags: 0
  m_PrefabParentObject: {fileID: 0}
  m_PrefabInternal: {fileID: 0}
  m_GameObject: {fileID: 824973685}
  m_Enabled: 1
  m_CastShadows: 1
  m_ReceiveShadows: 1
  m_DynamicOccludee: 1
  m_MotionVectors: 1
  m_LightProbeUsage: 1
  m_ReflectionProbeUsage: 1
  m_Materials:
  - {fileID: 10303, guid: 0000000000000000f000000000000000, type: 0}
  m_StaticBatchInfo:
    firstSubMesh: 0
    subMeshCount: 0
  m_StaticBatchRoot: {fileID: 0}
  m_ProbeAnchor: {fileID: 0}
  m_LightProbeVolumeOverride: {fileID: 0}
  m_ScaleInLightmap: 1
  m_PreserveUVs: 1
  m_IgnoreNormalsForChartDetection: 0
  m_ImportantGI: 0
  m_StitchLightmapSeams: 0
  m_SelectedEditorRenderState: 3
  m_MinimumChartSize: 4
  m_AutoUVMaxDistance: 0.5
  m_AutoUVMaxAngle: 89
  m_LightmapParameters: {fileID: 0}
  m_SortingLayerID: 0
  m_SortingLayer: 0
  m_SortingOrder: 0
--- !u!65 &824973688
BoxCollider:
  m_ObjectHideFlags: 0
  m_PrefabParentObject: {fileID: 0}
  m_PrefabInternal: {fileID: 0}
  m_GameObject: {fileID: 824973685}
  m_Material: {fileID: 0}
  m_IsTrigger: 1
  m_Enabled: 1
  serializedVersion: 2
  m_Size: {x: 3, y: 1, z: 2}
  m_Center: {x: 0, y: 0, z: 0}
--- !u!33 &824973689
MeshFilter:
  m_ObjectHideFlags: 0
  m_PrefabParentObject: {fileID: 0}
  m_PrefabInternal: {fileID: 0}
  m_GameObject: {fileID: 824973685}
  m_Mesh: {fileID: 64117060}
--- !u!4 &824973690
Transform:
  m_ObjectHideFlags: 0
  m_PrefabParentObject: {fileID: 0}
  m_PrefabInternal: {fileID: 0}
  m_GameObject: {fileID: 824973685}
  m_LocalRotation: {x: 0, y: 0, z: 0, w: 1}
  m_LocalPosition: {x: 0, y: 0, z: 0}
  m_LocalScale: {x: 0.5, y: 0.5, z: 0.5}
  m_Children: []
  m_Father: {fileID: 1150725260}
  m_RootOrder: 0
  m_LocalEulerAnglesHint: {x: 0, y: 0, z: 0}
--- !u!108 &824973691
Light:
  m_ObjectHideFlags: 0
  m_PrefabParentObject: {fileID: 0}
  m_PrefabInternal: {fileID: 0}
  m_GameObject: {fileID: 824973685}
  m_Enabled: 1
  serializedVersion: 8
  m_Type: 2
  m_Color: {r: 1, g: 1, b: 1, a: 1}
  m_Intensity: 1
  m_Range: 0
  m_SpotAngle: 30
  m_CookieSize: 10
  m_Shadows:
    m_Type: 0
    m_Resolution: -1
    m_CustomResolution: -1
    m_Strength: 1
    m_Bias: 0.05
    m_NormalBias: 0.4
    m_NearPlane: 0.2
  m_Cookie: {fileID: 0}
  m_DrawHalo: 1
  m_Flare: {fileID: 0}
  m_RenderMode: 0
  m_CullingMask:
    serializedVersion: 2
    m_Bits: 4294967295
  m_Lightmapping: 4
  m_AreaSize: {x: 1, y: 1}
  m_BounceIntensity: 1
  m_ColorTemperature: 6570
  m_UseColorTemperature: 0
  m_ShadowRadius: 0
  m_ShadowAngle: 0
--- !u!1 &1150725259
GameObject:
  m_ObjectHideFlags: 0
  m_PrefabParentObject: {fileID: 0}
  m_PrefabInternal: {fileID: 0}
  serializedVersion: 5
  m_Component:
  - component: {fileID: 1150725260}
  m_Layer: 0
  m_Name: Positioner
  m_TagString: PlayerPositioner
  m_Icon: {fileID: 0}
  m_NavMeshLayer: 0
  m_StaticEditorFlags: 0
  m_IsActive: 1
--- !u!4 &1150725260
Transform:
  m_ObjectHideFlags: 0
  m_PrefabParentObject: {fileID: 0}
  m_PrefabInternal: {fileID: 0}
  m_GameObject: {fileID: 1150725259}
  m_LocalRotation: {x: 0, y: 0, z: 0, w: 1}
  m_LocalPosition: {x: 0, y: 0, z: 0}
  m_LocalScale: {x: 1, y: 1, z: 1}
  m_Children:
  - {fileID: 824973690}
  m_Father: {fileID: 484012133}
  m_RootOrder: 2
  m_LocalEulerAnglesHint: {x: 0, y: 0, z: 0}
--- !u!1 &1288891037
GameObject:
  m_ObjectHideFlags: 0
  m_PrefabParentObject: {fileID: 0}
  m_PrefabInternal: {fileID: 0}
  serializedVersion: 5
  m_Component:
  - component: {fileID: 1288891038}
  - component: {fileID: 1288891041}
  m_Layer: 0
  m_Name: Background Camera
  m_TagString: Untagged
  m_Icon: {fileID: 0}
  m_NavMeshLayer: 0
  m_StaticEditorFlags: 0
  m_IsActive: 1
--- !u!4 &1288891038
Transform:
  m_ObjectHideFlags: 0
  m_PrefabParentObject: {fileID: 0}
  m_PrefabInternal: {fileID: 0}
  m_GameObject: {fileID: 1288891037}
  m_LocalRotation: {x: -0, y: -0, z: -0, w: 1}
  m_LocalPosition: {x: 0, y: 0, z: -5}
  m_LocalScale: {x: 1, y: 1, z: 1}
  m_Children:
  - {fileID: 581085946}
  m_Father: {fileID: 484012133}
  m_RootOrder: 1
  m_LocalEulerAnglesHint: {x: 0, y: 0, z: 0}
--- !u!20 &1288891041
Camera:
  m_ObjectHideFlags: 0
  m_PrefabParentObject: {fileID: 0}
  m_PrefabInternal: {fileID: 0}
  m_GameObject: {fileID: 1288891037}
  m_Enabled: 1
  serializedVersion: 2
  m_ClearFlags: 2
  m_BackGroundColor: {r: 0.1254902, g: 0, b: 0, a: 1}
  m_NormalizedViewPortRect:
    serializedVersion: 2
    x: 0
    y: 0
    width: 1
    height: 1
  near clip plane: 0.3
  far clip plane: 1000
  field of view: 60
  orthographic: 0
  orthographic size: 5
  m_Depth: -1
  m_CullingMask:
    serializedVersion: 2
    m_Bits: 2048
  m_RenderingPath: -1
  m_TargetTexture: {fileID: 0}
  m_TargetDisplay: 0
  m_TargetEye: 3
  m_HDR: 1
  m_AllowMSAA: 1
  m_ForceIntoRT: 0
  m_OcclusionCulling: 1
  m_StereoConvergence: 10
  m_StereoSeparation: 0.022
--- !u!1 &1715644433
GameObject:
  m_ObjectHideFlags: 0
  m_PrefabParentObject: {fileID: 0}
  m_PrefabInternal: {fileID: 0}
  serializedVersion: 5
  m_Component:
  - component: {fileID: 1715644435}
  - component: {fileID: 1715644434}
  m_Layer: 0
  m_Name: Directional Light
  m_TagString: Untagged
  m_Icon: {fileID: 0}
  m_NavMeshLayer: 0
  m_StaticEditorFlags: 0
  m_IsActive: 1
--- !u!108 &1715644434
Light:
  m_ObjectHideFlags: 0
  m_PrefabParentObject: {fileID: 0}
  m_PrefabInternal: {fileID: 0}
  m_GameObject: {fileID: 1715644433}
  m_Enabled: 1
  serializedVersion: 8
  m_Type: 1
  m_Color: {r: 1, g: 0.95686275, b: 0.8392157, a: 1}
  m_Intensity: 1
  m_Range: 10
  m_SpotAngle: 30
  m_CookieSize: 10
  m_Shadows:
    m_Type: 2
    m_Resolution: -1
    m_CustomResolution: -1
    m_Strength: 1
    m_Bias: 0.05
    m_NormalBias: 0.4
    m_NearPlane: 0.2
  m_Cookie: {fileID: 0}
  m_DrawHalo: 0
  m_Flare: {fileID: 0}
  m_RenderMode: 0
  m_CullingMask:
    serializedVersion: 2
    m_Bits: 4294967295
  m_Lightmapping: 4
  m_AreaSize: {x: 1, y: 1}
  m_BounceIntensity: 1
  m_ColorTemperature: 6570
  m_UseColorTemperature: 0
  m_ShadowRadius: 0
  m_ShadowAngle: 0
--- !u!4 &1715644435
Transform:
  m_ObjectHideFlags: 0
  m_PrefabParentObject: {fileID: 0}
  m_PrefabInternal: {fileID: 0}
  m_GameObject: {fileID: 1715644433}
  m_LocalRotation: {x: 0.86602545, y: 0, z: 0, w: 0.49999994}
  m_LocalPosition: {x: 0, y: 3, z: 0}
  m_LocalScale: {x: 1, y: 1, z: 1}
  m_Children: []
  m_Father: {fileID: 484012133}
  m_RootOrder: 0
  m_LocalEulerAnglesHint: {x: 120, y: 0, z: 0}
